@article{candela,
author = {D. Candela},
title = {Undergraduate computational physics projects on quantum computing},
journal = {American Journal of Physics},
year = {2015},
volume = {83},
pages = {688},
doi = {10.1119/1.4922296}
} 
@article{exoplanet,
author = {A. Wolszczan, D. A. Frail},
title = {A planetary system around the millisecond pulsar PSR1257 + 12},
journal = {Nature},
year = {1992},
volume = {355 (6356)},
pages = {145–147},
doi = {10.1038/355145a0}
}
@misc{EPE,
author = {Exoplanet TEAM},
title = {The Extrasolar Planets Encyclopaedia},
year = {1995-2023},
howpublished = {\url{http://exoplanet.eu/}},
note = {[Accessed: 30/01/2023]}
} 
@misc{durrhoyer,
author = {C. Durr, P. Hoyer},
title = {A Quantum Algorithm for Finding the Minimum},
journal = {arXiv},
howpublished = {\url{https://arxiv.org/abs/quant-ph/9607014}},
year = {1996},
month = {July},
doi = {10.48550/arXiv.quant-ph/9607014}
}
@article{baritompa,
author = {W. P. Baritompa, D. W. Bulger and G. R. Wood},
title = {Grover's Quantum Algorithm Applied to Global Optimization},
journal = {SIAM Journal on Optimization},
year = {2005},
volume = {15},
number = {4},
pages = {1170},
doi = {10.1137/040605072}
}
@book{circuitbook,
author = {T. R. Kuphaldt},
title = {Lessons In Electric Circuits},
publisher = {Open Education Resource (OER) LibreTexts Project},
volume = {IV},
year = {2007},
note = {Fourth Edition, last update November 06, 2021}
} 
@misc{exquantumcirc,
author = {M. Charemza},
title = {Examples of Quantum Circuit Diagrams},
year = {2006},
month = {April},
howpublished = {URL \url{http://go.warwick.ac.uk/mtcharemza/pastprojects}},
note = {[Accessed 03/2023]}
}
@article{shorcircuit,
author = {S. Beauregard},
title = {Circuit for Shor's Algorithm using 2n+3 qubits},
journal = {Quantum Information and Computation},
year = {2003},
volume = {3},
number = {2},
pages = {175-185},
doi = {10.48550/ARXIV.QUANT-PH/0205095}
}
@book{nielsenChuang,
author = {M. A. Nielsen and I. L. Chuang},
title = {Quantum Computation and Quantum Information},
publisher = {Cambridge University Press},
edition = {{10th Anniversary}},
year = {2000 (republished 2010)}
}
@misc{blochPicture,
author = {Wikimedia Commons},
title = {Bloch sphere.svg},
year = {2009},
howpublished = {URL \url{https://commons.wikimedia.org/wiki/File:Bloch_sphere.svg}},
note = {License: Creative Commons Attribution-ShareAlike 3.0 Unported (CC BY-SA 3.0), [Accessed 09/03/2023]}
}
@misc{RSA-250Factorization,
author = {P. Zimmermann},
title = {[Cado-nfs-discuss] Factorization of RSA-250},
year = {2020},
note = {URL \url{https://web.archive.org/web/20200228234716/https://lists.gforge.inria.fr/pipermail/cado-nfs-discuss/2020-February/001166.html}}
}
@misc{breakingRSA-2048,
author = {{J. Pezzone}},
title = {{Researchers have created a new and potentially dangerous encryption-breaking quantum algorithm}},
year = {2023},
note = {URL \url{https://www.techspot.com/news/97270-researchers-have-created-new-potentially-dangerous-encryption-breaking.html}}
}
@book{chenGroup,
author = {J.Q. Chen},
title = {Group Representation Theory For Physicists},
publisher = {World Scientific},
year = {1989}
}
@book{griffiths,
author = {D. J. Griffiths and D. F. Schroeter},
title = {Introduction to Quantum Mechanics},
year = {1995 (republished 2018)},
edition = {3rd},
publisher = {Cambridge University Press}
}
@misc{gate_table,
author = {Wikimedia Commons},
title = {File:Quantum Logic Gates.png},
year = {2019},
howpublished = {URL \url{https://commons.wikimedia.org/wiki/File:Quantum_Logic_Gates.png}},
note = {License: Creative Commons Attribution-ShareAlike 4.0 International (CC BY-SA 4.0)[Accessed 09/03/2023]}
}
@inproceedings{grover,
author = {L. K. Grover},
title = {{A fast quantum mechanical algorithm for database search}},
journal = {Association for Computing Machinery},
year = {1996},
booktitle = {Proceedings of the Twenty-Eighth Annual ACM Symposium on Theory of Computing},
pages = {212–219},
doi = {10.1145/237814.237866}
}
@inproceedings{Shors_algorithm,
author={Shor, P.W.},
booktitle={Proceedings of the 35th Annual Symposium on Foundations of Computer Science}, 
title={{Algorithms for quantum computation: discrete logarithms and factoring}},
publisher = {Institute of Electrical and Electronics Engineers},
year={1994},
volume={},
number={},
pages={124-134},
doi={10.1109/SFCS.1994.365700}
}
@article{RSA,
author = {{R. Rivest, A. Shamir, L. Adleman}},
title = {A Method for Obtaining Digital Signatures and Public-Key Cryptosystems},
journal = {Communications of the ACM},
year = {1978},
volume = {21},
number = {2},
pages = {120–126},
doi = {10.1145/359340.359342}
}
@misc{cuda,
  author={NVIDIA and Vingelmann, P. and Fitzek, F. H.P.},
  title={CUDA, release: 12.0.140},
  year={2023},
  url={https://developer.nvidia.com/cuda-toolkit},
}
@book{python,
 author = {Van Rossum, Guido and Drake, Fred L.},
 title = {Python 3 Reference Manual},
 year = {2009},
 publisher = {CreateSpace},
}
@article{numpy,
  author = {Harris, C. R. and Millman, K. J. and van der Walt, S. J. and Gommers, R. and Virtanen, P. and Cournapeau, D. and Wieser, E. and Taylor, J. and Berg, S. and Smith, N. J. and Kern, R. and Picus, M. and Hoyer, S. and van Kerkwijk, M. H. and Brett, M. and Haldane, A. and Fernández del Río, J. and Wiebe, M. and Peterson, P. and Gérard-Marchant, P. and Sheppard, K. and Reddy, T. and Weckesser, W. and Abbasi, H. and Gohlke, C. and Oliphant, T. E.},
  title = {Array programming with {NumPy}},
  journal = {Nature},
  year = {2020},
  volume = {585},
  pages = {357–362},
  doi = {10.1038/s41586-020-2649-2}
}
@inproceedings{cupy2017,
author={Okuta, R. and Unno, Y. and Nishino, D. and Hido, S. and Loomis, C.},
booktitle={Proceedings of Workshop on Machine Learning Systems (LearningSys) in The Thirty-first Annual Conference on Neural Information Processing Systems (NIPS)}, 
title={{CuPy: A NumPy-Compatible Library for NVIDIA GPU Calculations}},
year={2017},
note = {URL \url{http://learningsys.org/nips17/assets/papers/paper_16.pdf}}
}
@misc{ETSI_threat_assess,
title = {{ETSI GR QSC 004 V1.1.1 Quantum-Safe Cryptography;
Quantum-Safe Threat Assessment}},
author = {European Telecommunications Standards Institute},
year = {2017},
url = {https://www.etsi.org/deliver/etsi_gr/QSC/001_099/004/01.01.01_60/gr_QSC004v010101p.pdf}
}
@article{quantumcrypt,
  title = {Quantum cryptography},
  author = {Gisin, N. and Ribordy, G. and Tittel, W. and Zbinden, H.},
  journal = {Reviews of Modern Physics},
  volume = {74},
  issue = {1},
  pages = {145--195},
  numpages = {0},
  year = {2002},
  publisher = {American Physical Society},
  doi = {10.1103/RevModPhys.74.145}
}
@article{nist,
author = {Elaine B. and Quynh D.},
title = {{NIST Special Publication 800-57 Part 3 Revision 1: Recommendation for Key Management: Application-Specific Key Management Guidance}},
journal = {National Institute of Standards and Technology},
year = {2015},
doi = {10.6028/NIST.SP.800-57pt3r1}
}
@article{ESIpaper,
author = {Schulze-Makuch, D. and Méndez, A. and Fairén, A. and Von Paris, P. and Turse, C. and Boyer, G. and Davila, A. and Walther-António, M. and Catling, D. and Irwin, L.},
year = {2011},
pages = {1041-52},
title = {A Two-Tiered Approach to Assessing the Habitability of Exoplanets},
volume = {11},
number = {10},
journal = {Astrobiology},
doi = {10.1089/ast.2010.0592}
}
@ARTICLE{2020SciPy-NMeth,
  author  = {Virtanen, P. and Gommers, R. and Oliphant, T. E. and
            Haberland, M. and Reddy, T. and Cournapeau, D. and
            Burovski, E. and Peterson, P. and Weckesser, W. and
            Bright, J. and {van der Walt}, S. J. and
            Brett, M. and Wilson, J. and Millman, K. J. and
            Mayorov, N. and Nelson, A. R. J. and Jones, E. and
            Kern, R. and Larson, E. and Carey, C J and
            Polat, {\.I}. and Feng, Y. and Moore, E. W. and
            {VanderPlas}, J. and Laxalde, D. and Perktold, J. and
            Cimrman, R. and Henriksen, I. and Quintero, E. A. and
            Harris, C. R. and Archibald, A. M. and
            Ribeiro, A. H. and Pedregosa, F. and
            {van Mulbregt}, P. and {SciPy 1.0 Contributors}},
  title   = {{{SciPy} 1.0: Fundamental Algorithms for Scientific
            Computing in Python}},
  journal = {Nature Methods},
  year    = {2020},
  volume  = {17},
  pages   = {261-272},
  adsurl  = {https://rdcu.be/b08Wh},
  doi     = {10.1038/s41592-019-0686-2},
}
@article{RSAattack,
author={D. Boneh},
title={Twenty years of attacks on the {RSA} cryptosystem},
journal={Notices of the American Mathematical Society},
year={1999},
volume={46},
number={2},
pages={203-213}
}